<?xml version="1.0" encoding="UTF-8"?><collection xmlns="http://www.loc.gov/MARC21/slim"><record><leader>00466nam--2200157-u-4500</leader><controlfield tag="001">000052173</controlfield><controlfield tag="002">20161230</controlfield><controlfield tag="005">20161230201049</controlfield><controlfield tag="008">100303s1000------------r-----000-0-eng-d</controlfield><datafield ind1=" " ind2=" " tag="080"><subfield code="a">083.3</subfield></datafield><datafield ind1="1" ind2=" " tag="100"><subfield code="a">Khrenova,L.S.(red.)</subfield></datafield><datafield ind1="1" ind2="0" tag="245"><subfield code="a">Kvadratov, Kubov, Kvadratnykh Kornei, Kubicheskikh Kornei i Obratnykh Velichin dlya Vsekh Tselykh Chisel ot 1 do 15 ooo</subfield></datafield><datafield ind1=" " ind2=" " tag="260"><subfield code="a">Moskva</subfield><subfield code="b">Mir</subfield><subfield code="c">1965</subfield></datafield><datafield ind1=" " ind2=" " tag="300"><subfield code="a">325 p</subfield></datafield><datafield ind1=" " ind2=" " tag="852"><subfield code="a">22148</subfield><subfield code="c">518.2</subfield></datafield><datafield ind1=" " ind2=" " tag="CAT"><subfield code="a">Sys</subfield><subfield code="c">20100303</subfield><subfield code="h">121714</subfield></datafield></record></collection>